<record><leader>00000cas a22000007a 4500</leader><controlfield tag="001">32844231</controlfield><controlfield tag="008">950720d187u18uunyuwr ne      0    0eng d</controlfield><datafield ind1=" " ind2=" " tag="010"><subfield code="a">sn 95071213 </subfield></datafield><datafield ind1=" " ind2=" " tag="040"><subfield code="a">NYS</subfield><subfield code="b">eng</subfield><subfield code="c">NYS</subfield><subfield code="d">OCLCQ</subfield></datafield><datafield ind1=" " ind2=" " tag="042"><subfield code="a">msc</subfield></datafield><datafield ind1="0" ind2="0" tag="245"><subfield code="a">Gloversville standard. And times.</subfield></datafield><datafield ind1=" " ind2=" " tag="260"><subfield code="a">Gloversville, N.Y. :</subfield><subfield code="b">Hervey Ross</subfield></datafield><datafield ind1=" " ind2=" " tag="300"><subfield code="a">v.</subfield></datafield><datafield ind1=" " ind2=" " tag="310"><subfield code="a">Weekly</subfield></datafield><datafield ind1=" " ind2=" " tag="588"><subfield code="a">Description based on: Vol. [21?, whole] no. 1065 (Nov. 22, 1877).</subfield></datafield><datafield ind1=" " ind2="4" tag="651"><subfield code="a">Gloversville (N.Y.)</subfield><subfield code="v">Newspapers.</subfield></datafield><datafield ind1=" " ind2="4" tag="651"><subfield code="a">Fulton County (N.Y.)</subfield><subfield code="v">Newspapers.</subfield></datafield><datafield ind1=" " ind2=" " tag="752"><subfield code="a">United States</subfield><subfield code="b">New York</subfield><subfield code="c">Fulton</subfield><subfield code="d">Gloversville.</subfield></datafield><datafield ind1="0" ind2="4" tag="780"><subfield code="t">Gloversville standard (Gloversville, N.Y. : 1856)</subfield><subfield code="w">(DLC)sn 83031411</subfield></datafield><datafield ind1="0" ind2="4" tag="780"><subfield code="t">Gloversville times</subfield></datafield><datafield ind1="0" ind2="0" tag="785"><subfield code="t">Gloversville standard (Gloversville, N.Y. : 1878)</subfield><subfield code="w">(DLC)sn 95071214</subfield></datafield><datafield ind1="1" ind2=" " tag="029"><subfield code="a">AU@</subfield><subfield code="b">000025897715</subfield></datafield></record>